% Encoding: UTF-8
%Bibliografía
@Book{Zariquiey1968,
  title     = {Crustáceos Decápodos Ibéricos},
  publisher = {Investigación Pesquera},
  year      = {1968},
  author    = {Zariquiey-Álvarez, Ricardo},
  volume    = {32},
}
@Article{Gonzalez2006,
  author  = {González-Ortegón, Enrique and Cuesta, J.A.},
  title   = {An illustrated key to species of Palaemon and Palaemonetes (Crustacea: Decapoda: Caridea) from European waters, including the alien species Palaemon macrodactylus},
  journal = {Journal of the Marine Biological Association of the United Kingdom},
  year    = {2006},
  volume  = {86},
  number  = {1},
  pages   = {93-102},
}
@Article{Felicio2002,
  author  = {Felício, M. and Viegas, M. and Santos, P. and Carvalho, F.},
  title   = {Estudio de la actividad reproductora del camarón Palaemon serratus (Pennant, 1777) capturado en Angeiras (costa norte de Portugal)},
  journal = {Instituto Español de Oceanografía},
  year    = {2002},
  volume  = {18},
  number  = {1-4},
  pages   = {159-163},
}

@Article{Forster1951,
  author  = {Forster, G.},
  title   = {The biology of the common prawn, Leander serratus (Pennant)},
  journal = {Journal of the Marine Biological Association of the United Kingdom},
  year    = {1951},
  volume  = {30},
  number  = {2},
  pages   = {333-360},
}

@Article{Guerao1995,
  author  = {Guerao, G. and Ribera, C.},
  title   = {Growth and reproductive ecology of Palaemon adspersus (Decapoda, Palaemonidae) in the Western Mediterranea},
  journal = {Ophelia},
  year    = {1995},
  volume  = {43},
  number  = {3},
  pages   = {205-213},
}

@Article{Rodriguez1981,
  author  = {Rodríguez, A.},
  title   = {Growth and sexual maduration of Penaeus kerathurus (Forskal, 1775) and Palaemon serratus (Pennant) in salt ponds},
  journal = {Aquaculture},
  year    = {1981},
  volume  = {24},
  number  = {1},
  pages   = {257-266},
}

@Article{Figueras1986,
  author  = {Figueras, A.},
  title   = {Crecimiento de Palaemon adspersus (Rathke, 1837) y Palaemon serratus (Pennant, 1777) (Decapoda: Natantia) en la ría de Vigo (SO de España)},
  journal = {Instituto de Investigaciones Pesqueras de Vigo},
  year    = {1986},
  volume  = {50},
  number  = {1},
  pages   = {117-126},
}

@Article{Gonzalez2014,
  author  = {González-Ortegón, E. and Giménez, L.},
  title   = {Environmentallay mediatd phenotypic links and performance in larvae of a marine invertebrate},
  journal = {Marine Ecology},
  year    = {2014},
  volume  = {502},
  number  = {1},
  pages   = {185-195},
}

@Article{Gonzalez2001,
  author  = {González-Gordillo, J. and Dos Santos, A. and Rodríguez, A.},
  title   = {Checklist and annotated bilbiography of decapod crustacean larvae from the Southwestern European coast (Gibraltar strait area)},
  journal = {Scientia Marina},
  year    = {2001},
  volume  = {65},
  number  = {4},
  pages   = {275-305},
}

@Article{Fincham1986,
  author  = {Fincham, A. and Figueras, A.},
  title   = {Larval keys and diagnoses for the subfamily Palaemonidae (Crustacea: Decapoda: Palaemonidae) in the North-east Atlantic Referencias — 33 — Larval keys and diagnoses for the subfamily Palaemonidae (Crustacea: Decapoda: Palaemonidae) in the North-east Atlantic and aspects of functional morphology},
  journal = {Journal of Natural History},
  year    = {1986},
  volume  = {20},
  number  = {1},
  pages   = {203-224},
}

@Article{Ramonell1987,
  author  = {Ramonell-Goyanes, R.},
  title   = {Estudio morfológico de los estadios larvarios del camarón Palaemon serratus (Pennant, 1777)},
  journal = {Investigación Pesquera},
  year    = {1987},
  volume  = {51},
  number  = {1},
  pages   = {545-560},
}

@Article{Bellon1978,
  author  = {Bellon-Humbert, C. and Thijssen, M. and Van Herp, F.},
  title   = {Development, location and relocation of sensory and neurosecretory sites in the eyestalks during the larval and postlarval life of Palaemon serratus (Pennant)},
  journal = {Journal of the Marine Biological Association of the United Kingdom},
  year    = {1978},
  volume  = {58},
  number  = {4},
  pages   = {851-868},
}

@Book{Anger2001,
  title     = {The Biology of Decapod Crustacean larvae},
  publisher = {Helgoland},
  year      = {2001},
  author    = {Anger, K.},
  editor    = {Anger, K.},
  number    = {1},
  address   = {s.n.},
  edition   = {1},
}

@Book{Ruppert1996,
  title     = {Zoología de los Invertebrados},
  publisher = {McGraw-Hill Interamericana Editores S.A.},
  year      = {1996},
  author    = {Ruppert, E.E. and Barnes, R.D.},
  editor    = {Ruppert, E.E. and Barnes, R.D.},
  volume    = {1},
  edition   = {6},
}

@Article{Factor1981,
  author  = {Factor, J.R.},
  title   = {Development and metamorphosis of the digestive system of larval lobsters, Homarus americanus (Decapoda: Nephropidae)},
  journal = {Journal of Morphology},
  year    = {1981},
  volume  = {169},
  number  = {1},
  pages   = {225-242},
}

@Article{Bouaricha1994,
  author  = {Bouaricha, N. and Charmantier-Daures, M. and Thuet, P. and Trilles, J.P. and Charmantier, G.},
  title   = {Ontogeny of osmoregulatory structures in the shrimp Penaeus japonicus (Crustacea, Decapoda)},
  journal = {The Biological Bulletin},
  year    = {1994},
  volume  = {186},
  number  = {1},
  pages   = {29-40},
}

@Comment{jabref-meta: databaseType:bibtex;}
